<?xml version="1.0" encoding="UTF-8"?><collection xmlns="http://www.loc.gov/MARC21/slim"><record><leader>00576nam--2200205-i-4500</leader><controlfield tag="001">000042449</controlfield><controlfield tag="002">20161230</controlfield><controlfield tag="005">20161230201043</controlfield><controlfield tag="008">060222s1000------------r-----000-0-eng-d</controlfield><datafield ind1=" " ind2=" " tag="020"><subfield code="a">0121708500</subfield></datafield><datafield ind1=" " ind2=" " tag="040"><subfield code="a">IFIN-HH</subfield></datafield><datafield ind1=" " ind2=" " tag="080"><subfield code="a">57.086.3</subfield></datafield><datafield ind1="1" ind2=" " tag="100"><subfield code="a">Chen, Sow-hsin</subfield></datafield><datafield ind1="1" ind2="0" tag="245"><subfield code="a">Spectroscopy in biology and chemistry</subfield><subfield code="b">Neutron, x-ray, laser</subfield><subfield code="c">SOW-HSIN CHEN; SIDNEY YIP (Eds.)</subfield></datafield><datafield ind1=" " ind2=" " tag="260"><subfield code="a">LONDON</subfield><subfield code="b">Academic Press, Inc</subfield><subfield code="c">1974</subfield></datafield><datafield ind1=" " ind2=" " tag="300"><subfield code="a">XI+410 P</subfield></datafield><datafield ind1=" " ind2="0" tag="650"><subfield code="a">Spectrum Analysis</subfield></datafield><datafield ind1="1" ind2=" " tag="700"><subfield code="a">Yip, Sidney</subfield><subfield code="e">Ed</subfield></datafield><datafield ind1=" " ind2=" " tag="852"><subfield code="a">77548</subfield><subfield code="c">535.33</subfield></datafield><datafield ind1=" " ind2=" " tag="CAT"><subfield code="a">Sys</subfield><subfield code="c">20101221</subfield><subfield code="h">135808</subfield></datafield></record></collection>